@misc{objectsel,
	author={Wikibooks},
	title={Object selection},
	note={\url{http://en.wikibooks.org/wiki/OpenGL_Programming/Object_selection}}
}
@misc{pwag,
	author={Pwag Chessboard},
	title={DirectX Open Source},
	note={\url{https://code.google.com/p/pwag-chessboard/}}
}
@misc{shadingAulas, 
  author = {Joaquim Madeira},
  title = {{Métodos de Iluminação e Sombreamento}},
  note = {\url{http://sweet.ua.pt/jmadeira/CV/CV_07_Ilumina%C3%A7%C3%A3o_e_Shading_BSS_JM.pdf}},
  year = {2014}
}
@misc{lightningsurfaces,
	author = {Wikibooks}, 
	title = {Lightning Textures Surfaces},
	note = {\url{http://en.wikibooks.org/wiki/GLSL_Programming/GLUT/Lighting_Textured_Surfaces}}
}
@misc{textures,
	author = {Wikibooks},
	title = {Modern OpenGL Tutorial 06},
	note = {\url{http://en.wikibooks.org/wiki/OpenGL_Programming/Modern_OpenGL_Tutorial_06}}
}